@article{referral_effect_2023aer,
Author = {Barwick, Panle Jia and Liu, Yanyan and Patacchini, Eleonora and Wu, Qi},
Title = {Information, Mobile Communication, and Referral Effects},
Journal = {American Economic Review},
Volume = {113},
Number = {5},
Year = {2023},
Month = {May},
Pages = {1170–1207},
DOI = {10.1257/aer.20200187},
URL = {https://www.aeaweb.org/articles?id=10.1257/aer.20200187}}

@article{gonzalez2008understanding,
  title={Understanding individual human mobility patterns},
  author={Gonzalez, Marta C and Hidalgo, Cesar A and Barabasi, Albert-Laszlo},
  journal={nature},
  volume={453},
  number={7196},
  pages={779--782},
  year={2008},
  publisher={Nature Publishing Group UK London}
}

@article{song2010limits,
  title={Limits of predictability in human mobility},
  author={Song, Chaoming and Qu, Zehui and Blumm, Nicholas and Barab{\'a}si, Albert-L{\'a}szl{\'o}},
  journal={Science},
  volume={327},
  number={5968},
  pages={1018--1021},
  year={2010},
  publisher={American Association for the Advancement of Science}
}

@article{onnela2007structure,
  title={Structure and tie strengths in mobile communication networks},
  author={Onnela, J-P and Saram{\"a}ki, Jari and Hyv{\"o}nen, Jorkki and Szab{\'o}, Gy{\"o}rgy and Lazer, David and Kaski, Kimmo and Kert{\'e}sz, J{\'a}nos and Barab{\'a}si, A-L},
  journal={Proceedings of the national academy of sciences},
  volume={104},
  number={18},
  pages={7332--7336},
  year={2007},
  publisher={National Academy of Sciences}
}

@article{wesolowski2016connecting,
  title={Connecting mobility to infectious diseases: the promise and limits of mobile phone data},
  author={Wesolowski, Amy and Buckee, Caroline O and Eng{\o}-Monsen, Kenth and Metcalf, Charlotte Jessica Eland},
  journal={The Journal of infectious diseases},
  volume={214},
  number={suppl\_4},
  pages={S414--S420},
  year={2016},
  publisher={Oxford University Press}
}

@inproceedings{cho2011friendship,
  title={Friendship and mobility: user movement in location-based social networks},
  author={Cho, Eunjoon and Myers, Seth A and Leskovec, Jure},
  booktitle={Proceedings of the 17th ACM SIGKDD international conference on Knowledge discovery and data mining},
  pages={1082--1090},
  year={2011}
}

@article{ranjan2012call,
  title={Are call detail records biased for sampling human mobility?},
  author={Ranjan, Gyan and Zang, Hui and Zhang, Zhi-Li and Bolot, Jean},
  journal={ACM SIGMOBILE Mobile Computing and Communications Review},
  volume={16},
  number={3},
  pages={33--44},
  year={2012},
  publisher={ACM New York, NY, USA}
}

@article{vanhoof2018detecting,
  title={Detecting home locations from CDR data: introducing spatial uncertainty to the state-of-the-art},
  author={Vanhoof, Maarten and Reis, Fernando and Smoreda, Zbigniew and Ploetz, Thomas},
  journal={arXiv preprint arXiv:1808.06398},
  year={2018}
}

@article{phithakkitnukoon2012socio,
  title={Socio-geography of human mobility: A study using longitudinal mobile phone data},
  author={Phithakkitnukoon, Santi and Smoreda, Zbigniew and Olivier, Patrick},
  journal={PloS one},
  volume={7},
  number={6},
  pages={e39253},
  year={2012},
  publisher={Public Library of Science San Francisco, USA}
}

@article{pappalardo2016analytical,
  title={An analytical framework to nowcast well-being using mobile phone data},
  author={Pappalardo, Luca and Vanhoof, Maarten and Gabrielli, Lorenzo and Smoreda, Zbigniew and Pedreschi, Dino and Giannotti, Fosca},
  journal={International Journal of Data Science and Analytics},
  volume={2},
  pages={75--92},
  year={2016},
  publisher={Springer}
}

@article{eagle2010network,
  title={Network diversity and economic development},
  author={Eagle, Nathan and Macy, Michael and Claxton, Rob},
  journal={Science},
  volume={328},
  number={5981},
  pages={1029--1031},
  year={2010},
  publisher={American Association for the Advancement of Science}
}

@article{yuan2012correlating,
  title={Correlating mobile phone usage and travel behavior--A case study of Harbin, China},
  author={Yuan, Yihong and Raubal, Martin and Liu, Yu},
  journal={Computers, Environment and Urban Systems},
  volume={36},
  number={2},
  pages={118--130},
  year={2012},
  publisher={Elsevier}
}

@article{zhao2016understanding,
  title={Understanding the bias of call detail records in human mobility research},
  author={Zhao, Ziliang and Shaw, Shih-Lung and Xu, Yang and Lu, Feng and Chen, Jie and Yin, Ling},
  journal={International Journal of Geographical Information Science},
  volume={30},
  number={9},
  pages={1738--1762},
  year={2016},
  publisher={Taylor \& Francis}
}

@article{zhao2019effect,
  title={The effect of temporal sampling intervals on typical human mobility indicators obtained from mobile phone location data},
  author={Zhao, Zhiyuan and Shaw, Shih-Lung and Yin, Ling and Fang, Zhixiang and Yang, Xiping and Zhang, Fan and Wu, Sheng},
  journal={International Journal of Geographical Information Science},
  volume={33},
  number={7},
  pages={1471--1495},
  year={2019},
  publisher={Taylor \& Francis}
}

@article{pappalardo2015returners,
  title={Returners and explorers dichotomy in human mobility},
  author={Pappalardo, Luca and Simini, Filippo and Rinzivillo, Salvatore and Pedreschi, Dino and Giannotti, Fosca and Barab{\'a}si, Albert-L{\'a}szl{\'o}},
  journal={Nature communications},
  volume={6},
  number={1},
  pages={8166},
  year={2015},
  publisher={Nature Publishing Group UK London}
}

@inproceedings{ester1996density,
  title={A density-based algorithm for discovering clusters in large spatial databases with noise},
  author={Ester, Martin and Kriegel, Hans-Peter and Sander, J{\"o}rg and Xu, Xiaowei and others},
  booktitle={kdd},
  volume={96},
  number={34},
  pages={226--231},
  year={1996}
}

@article{buchel2020calling,
  title={Calling from the outside: The role of networks in residential mobility},
  author={B{\"u}chel, Konstantin and Ehrlich, Maximilian V and Puga, Diego and Viladecans-Marsal, Elisabet},
  journal={Journal of urban economics},
  volume={119},
  pages={103277},
  year={2020},
  publisher={Elsevier}
}

@article{dias2022framework,
  title={Framework to Study Migration Decisions Using Call Detail Record (CDR) Data},
  author={Dias, Viren and Fernando, Lasantha and Lin, Yusen and Frias-Martinez, Vanessa and Raschid, Louiqa},
  journal={IEEE Transactions on Computational Social Systems},
  volume={10},
  number={5},
  pages={2725--2738},
  year={2022},
  publisher={IEEE}
}

@incollection{phithakkitnukoon2022inferring,
  title={Inferring and Modeling Migration Flows Using Mobile Phone CDR Data},
  author={Phithakkitnukoon, Santi},
  booktitle={Urban Informatics Using Mobile Network Data: Travel Behavior Research Perspectives},
  pages={75--101},
  year={2022},
  publisher={Springer}
}

@article{wang2023job,
  title={Job prospects and labour mobility in China},
  author={Wang-Lu, Huaxin and Valerio Mendoza, Octasiano Miguel},
  journal={The Journal of International Trade \& Economic Development},
  volume={32},
  number={7},
  pages={991--1034},
  year={2023},
  publisher={Taylor \& Francis}
}

@article{imbert2022migrants,
  title={Migrants and firms: Evidence from china},
  author={Imbert, Clement and Seror, Marlon and Zhang, Yifan and Zylberberg, Yanos},
  journal={American Economic Review},
  volume={112},
  number={6},
  pages={1885--1914},
  year={2022},
  publisher={American Economic Association 2014 Broadway, Suite 305, Nashville, TN 37203}
}

@article{espindola2006harris,
  title={A Harris-Todaro agent-based model to rural-urban migration},
  author={Esp{\'\i}ndola, Aquino L and Silveira, Jaylson J and Penna, TJP},
  journal={Brazilian journal of physics},
  volume={36},
  pages={603--609},
  year={2006},
  publisher={SciELO Brasil}
}

@article{hunt2004north,
  title={North American migration: returns to skill, border effects, and mobility costs},
  author={Hunt, Gary L and Mueller, Richard E},
  journal={Review of Economics and Statistics},
  volume={86},
  number={4},
  pages={988--1007},
  year={2004},
  publisher={MIT Press 238 Main St., Suite 500, Cambridge, MA 02142-1046, USA journals~…}
}

@article{boustan2010effect,
  title={The effect of internal migration on local labor markets: American cities during the Great Depression},
  author={Boustan, Leah Platt and Fishback, Price V and Kantor, Shawn},
  journal={Journal of Labor Economics},
  volume={28},
  number={4},
  pages={719--746},
  year={2010},
  publisher={University of Chicago Press Chicago, IL}
}

@article{bryan2019aggregate,
  title={The aggregate productivity effects of internal migration: Evidence from Indonesia},
  author={Bryan, Gharad and Morten, Melanie},
  journal={Journal of Political Economy},
  volume={127},
  number={5},
  pages={2229--2268},
  year={2019},
  publisher={The University of Chicago Press Chicago, IL}
}

@article{garrett2023linking,
  title={Linking video chatting, phone calling, text messaging, and social media with peers to adolescent connectedness},
  author={Garrett, Shedrick L and Burnell, Kaitlyn and Armstrong-Carter, Emma L and Prinstein, Mitchell J and Telzer, Eva H},
  journal={Journal of Research on Adolescence},
  volume={33},
  number={4},
  pages={1222--1234},
  year={2023},
  publisher={Wiley Online Library}
}

@inproceedings{zagheni2014inferring,
  title={Inferring international and internal migration patterns from twitter data},
  author={Zagheni, Emilio and Garimella, Venkata Rama Kiran and Weber, Ingmar and State, Bogdan},
  booktitle={Proceedings of the 23rd international conference on world wide web},
  pages={439--444},
  year={2014}
}

@article{hawelka2014geo,
  title={Geo-located Twitter as proxy for global mobility patterns},
  author={Hawelka, Bartosz and Sitko, Izabela and Beinat, Euro and Sobolevsky, Stanislav and Kazakopoulos, Pavlos and Ratti, Carlo},
  journal={Cartography and geographic information science},
  volume={41},
  number={3},
  pages={260--271},
  year={2014},
  publisher={Taylor \& Francis}
}

@article{jurdak2015understanding,
  title={Understanding human mobility from Twitter},
  author={Jurdak, Raja and Zhao, Kun and Liu, Jiajun and AbouJaoude, Maurice and Cameron, Mark and Newth, David},
  journal={PloS one},
  volume={10},
  number={7},
  pages={e0131469},
  year={2015},
  publisher={Public Library of Science San Francisco, CA USA}
}

@article{luo2016explore,
  title={Explore spatiotemporal and demographic characteristics of human mobility via Twitter: A case study of Chicago},
  author={Luo, Feixiong and Cao, Guofeng and Mulligan, Kevin and Li, Xiang},
  journal={Applied Geography},
  volume={70},
  pages={11--25},
  year={2016},
  publisher={Elsevier}
}

@article{armstrong2021challenges,
  title={Challenges when identifying migration from geo-located Twitter data},
  author={Armstrong, Caitrin and Poorthuis, Ate and Zook, Matthew and Ruths, Derek and Soehl, Thomas},
  journal={EPJ Data Science},
  volume={10},
  number={1},
  pages={1},
  year={2021},
  publisher={Springer Berlin Heidelberg}
}

@article{ebrahimpour2020analyzing,
  title={Analyzing social-geographic human mobility patterns using large-scale social media data},
  author={Ebrahimpour, Zeinab and Wan, Wanggen and Vel{\'a}zquez Garc{\'\i}a, Jos{\'e} Luis and Cervantes, Ofelia and Hou, Li},
  journal={ISPRS International Journal of Geo-Information},
  volume={9},
  number={2},
  pages={125},
  year={2020},
  publisher={MDPI}
}

@article{cui2018social,
  title={Social media and mobility landscape: Uncovering spatial patterns of urban human mobility with multi source data},
  author={Cui, Yilan and Xie, Xing and Liu, Yi},
  journal={Frontiers of Environmental Science \& Engineering},
  volume={12},
  pages={1--14},
  year={2018},
  publisher={Springer}
}

@article{sahai2022social,
  title={Social networks and spatial mobility: Evidence from Facebook in India},
  author={Sahai, Harshil and Bailey, Michael},
  journal={arXiv preprint arXiv:2203.05595},
  year={2022}
}

@inproceedings{yang2014identifying,
  title={Identifying significant places using multi-day call detail records},
  author={Yang, Peiyu and Zhu, Tongyu and Wan, Xuejin and Wang, Xuejiao},
  booktitle={2014 IEEE 26th International Conference on Tools with Artificial Intelligence},
  pages={360--366},
  year={2014},
  organization={IEEE}
}

@inproceedings{karahoca2006comparing,
  title={Comparing clustering techniques for telecom churn management},
  author={Karahoca, ADEM and Kara, Ali},
  booktitle={Proceedings of the 5th WSEAS International Conference on Telecommunications and Informatics},
  pages={27--29},
  year={2006}
}

@article{jabbar2020fraud,
  title={Fraud detection call detail record using machine learning in telecommunications company},
  author={Jabbar, MA and Suharjito, S},
  journal={Adv. sci. technol. eng. syst. j},
  volume={5},
  pages={63--69},
  year={2020}
}

@inproceedings{shi2014density,
  title={Density-based place clustering in geo-social networks},
  author={Shi, Jieming and Mamoulis, Nikos and Wu, Dingming and Cheung, David W},
  booktitle={Proceedings of the 2014 ACM SIGMOD international conference on Management of data},
  pages={99--110},
  year={2014}
}

@article{dominguez2017sensing,
  title={Sensing the city with Instagram: Clustering geolocated data for outlier detection},
  author={Dom{\'\i}nguez, Daniel Rodr{\'\i}guez and Redondo, Rebeca P D{\'\i}az and Vilas, Ana Fern{\'a}ndez and Khalifa, Mohamed Ben},
  journal={Expert systems with applications},
  volume={78},
  pages={319--333},
  year={2017},
  publisher={Elsevier}
}

@inproceedings{luo2020research,
  title={Research on home and work locations based on mobile phone data},
  author={Luo, Xusen and Zhou, Yunyao and Yang, Yifu and Wu, Shuyun},
  booktitle={Journal of Physics: Conference Series},
  volume={1486},
  number={5},
  pages={052013},
  year={2020},
  organization={IOP Publishing}
}

@inproceedings{tongsinoot2017exploring,
  title={Exploring home and work locations in a city from mobile phone data},
  author={Tongsinoot, Lumpsum and Muangsin, Veera},
  booktitle={2017 IEEE 19th International Conference on High Performance Computing and Communications; IEEE 15th International Conference on Smart City; IEEE 3rd International Conference on Data Science and Systems (HPCC/SmartCity/DSS)},
  pages={123--129},
  year={2017},
  organization={IEEE}
}

@article{voukelatou2021measuring,
  title={Measuring objective and subjective well-being: dimensions and data sources},
  author={Voukelatou, Vasiliki and Gabrielli, Lorenzo and Miliou, Ioanna and Cresci, Stefano and Sharma, Rajesh and Tesconi, Maurizio and Pappalardo, Luca},
  journal={International Journal of Data Science and Analytics},
  volume={11},
  number={4},
  pages={279--309},
  year={2021},
  publisher={Springer}
}

@inproceedings{isaacman2011identifying,
  title={Identifying important places in people’s lives from cellular network data},
  author={Isaacman, Sibren and Becker, Richard and C{\'a}ceres, Ram{\'o}n and Kobourov, Stephen and Martonosi, Margaret and Rowland, James and Varshavsky, Alexander},
  booktitle={Pervasive Computing: 9th International Conference, Pervasive 2011, San Francisco, USA, June 12-15, 2011. Proceedings 9},
  pages={133--151},
  year={2011},
  organization={Springer}
}

@book{hartigan1975clustering,
  title={Clustering algorithms},
  author={Hartigan, John A},
  year={1975},
  publisher={John Wiley \& Sons, Inc.}
}

@article{blumenstock2012inferring,
  title={Inferring patterns of internal migration from mobile phone call records: evidence from Rwanda},
  author={Blumenstock, Joshua E},
  journal={Information Technology for Development},
  volume={18},
  number={2},
  pages={107--125},
  year={2012},
  publisher={Taylor \& Francis}
}

@article{lai2019exploring,
  title={Exploring the use of mobile phone data for national migration statistics},
  author={Lai, Shengjie and Erbach-Schoenberg, Elisabeth zu and Pezzulo, Carla and Ruktanonchai, Nick W and Sorichetta, Alessandro and Steele, Jessica and Li, Tracey and Dooley, Claire A and Tatem, Andrew J},
  journal={Palgrave communications},
  volume={5},
  number={1},
  pages={1--10},
  year={2019},
  publisher={Palgrave}
}

@article{blumenstock2025migration,
  title={Migration and the value of social networks},
  author={Blumenstock, Joshua E and Chi, Guanghua and Tan, Xu},
  journal={Review of Economic Studies},
  volume={92},
  number={1},
  pages={97--128},
  year={2025},
  publisher={Oxford University Press UK}
}

@article{chi2020general,
  title={A general approach to detecting migration events in digital trace data},
  author={Chi, Guanghua and Lin, Fengyang and Chi, Guangqing and Blumenstock, Joshua},
  journal={PloS one},
  volume={15},
  number={10},
  pages={e0239408},
  year={2020},
  publisher={Public Library of Science San Francisco, CA USA}
}

@article{callaway2021difference,
  title={Difference-in-differences with multiple time periods},
  author={Callaway, Brantly and Sant’Anna, Pedro HC},
  journal={Journal of econometrics},
  volume={225},
  number={2},
  pages={200--230},
  year={2021},
  publisher={Elsevier}
}

@article{sun2021estimating,
  title={Estimating dynamic treatment effects in event studies with heterogeneous treatment effects},
  author={Sun, Liyang and Abraham, Sarah},
  journal={Journal of econometrics},
  volume={225},
  number={2},
  pages={175--199},
  year={2021},
  publisher={Elsevier}
}

@article{borusyak2024revisiting,
  title={Revisiting event-study designs: robust and efficient estimation},
  author={Borusyak, Kirill and Jaravel, Xavier and Spiess, Jann},
  journal={Review of Economic Studies},
  volume={91},
  number={6},
  pages={3253--3285},
  year={2024},
  publisher={Oxford University Press UK}
}

@article{goodman2021difference,
  title={Difference-in-differences with variation in treatment timing},
  author={Goodman-Bacon, Andrew},
  journal={Journal of econometrics},
  volume={225},
  number={2},
  pages={254--277},
  year={2021},
  publisher={Elsevier}
}

@article{baker2022much,
  title={How much should we trust staggered difference-in-differences estimates?},
  author={Baker, Andrew C and Larcker, David F and Wang, Charles CY},
  journal={Journal of Financial Economics},
  volume={144},
  number={2},
  pages={370--395},
  year={2022},
  publisher={Elsevier}
}

@article{sant2020doubly,
  title={Doubly robust difference-in-differences estimators},
  author={Sant’Anna, Pedro HC and Zhao, Jun},
  journal={Journal of econometrics},
  volume={219},
  number={1},
  pages={101--122},
  year={2020},
  publisher={Elsevier}
}

@article{abadie2005semiparametric,
  title={Semiparametric difference-in-differences estimators},
  author={Abadie, Alberto},
  journal={The review of economic studies},
  volume={72},
  number={1},
  pages={1--19},
  year={2005},
  publisher={Wiley-Blackwell}
}

@article{heckman1997matching,
  title={Matching as an econometric evaluation estimator: Evidence from evaluating a job training programme},
  author={Heckman, James J and Ichimura, Hidehiko and Todd, Petra E},
  journal={The review of economic studies},
  volume={64},
  number={4},
  pages={605--654},
  year={1997},
  publisher={Wiley-Blackwell}
}

@article{roth2023s,
  title={What’s trending in difference-in-differences? A synthesis of the recent econometrics literature},
  author={Roth, Jonathan and Sant’Anna, Pedro HC and Bilinski, Alyssa and Poe, John},
  journal={Journal of Econometrics},
  volume={235},
  number={2},
  pages={2218--2244},
  year={2023},
  publisher={Elsevier}
}

@article{de2023two,
  title={Two-way fixed effects and differences-in-differences with heterogeneous treatment effects: A survey},
  author={De Chaisemartin, Cl{\'e}ment and d’Haultfoeuille, Xavier},
  journal={The econometrics journal},
  volume={26},
  number={3},
  pages={C1--C30},
  year={2023},
  publisher={Oxford University Press}
}


@article{blumenstock2015predicting,
  title={Predicting poverty and wealth from mobile phone metadata},
  author={Blumenstock, Joshua and Cadamuro, Gabriel and On, Robert},
  journal={Science},
  volume={350},
  number={6264},
  pages={1073--1076},
  year={2015},
  publisher={American Association for the Advancement of Science}
}

@article{zreikat2004comparative,
  title={A comparative capacity/coverage analysis for CDMA cell in different propagation environments},
  author={Zreikat, Aymen I and Al-Begain, Khalid and Smith, Kevin},
  journal={Wireless Personal Communications},
  volume={28},
  number={3},
  pages={205--231},
  year={2004},
  publisher={Springer}
}


@article{zhou2024cell,
  title={From cell tower location to user location: Understanding the spatial uncertainty of mobile phone network data in human mobility research},
  author={Zhou, Xiangkai and You, Linlin and Zhong, Shuqi and Cai, Ming},
  journal={Computers, Environment and Urban Systems},
  volume={111},
  pages={102130},
  year={2024},
  publisher={Elsevier}
}


@inproceedings{ayesha2019user,
  title={User localization based on call detail record},
  author={Ayesha, Buddhi and Jeewanthi, Bhagya and Chitraranjan, Charith and Perera, Amal Shehan and Kumarage, Amal S},
  booktitle={International Conference on Intelligent Data Engineering and Automated Learning},
  pages={411--423},
  year={2019},
  organization={Springer}
}

@article{marquez2011overview,
  title={An overview of vertical handover techniques: Algorithms, protocols and tools},
  author={M{\'a}rquez-Barja, Johann and Calafate, Carlos T and Cano, Juan-Carlos and Manzoni, Pietro},
  journal={Computer communications},
  volume={34},
  number={8},
  pages={985--997},
  year={2011},
  publisher={Elsevier}
}
